@article{kong2017coexistence,
  title={Coexistence of Physisorbed and Solvated HCl at Warm Ice Surfaces},
  author={Kong, Xiangrui and Waldner, Astrid and Orlando, Fabrizio and Artiglia, Luca and Huthwelker, Thomas and Ammann, Markus and Bartels-Rausch, Thorsten},
  journal={The journal of physical chemistry letters},
  volume={8},
  number={19},
  pages={4757--4762},
  year={2017},
  publisher={ACS Publications}
}
@article{parent2011hcl,
  title={HCl adsorption on ice at low temperature: a combined X-ray absorption, photoemission and infrared study},
  author={Parent, Philippe and Lasne, J{\'e}r{\^o}me and Marcotte, Guillaume and Laffon, Carine},
  journal={Physical Chemistry Chemical Physics},
  volume={13},
  number={15},
  pages={7142--7148},
  year={2011},
  publisher={Royal Society of Chemistry}
}
@article{starr2011acetone,
  title={Acetone adsorption on ice investigated by X-ray spectroscopy and density functional theory},
  author={Starr, DE and Pan, D and Newberg, JT and Ammann, M and Wang, EG and Michaelides, A and Bluhm, H},
  journal={Physical Chemistry Chemical Physics},
  volume={13},
  number={44},
  pages={19988--19996},
  year={2011},
  publisher={Royal Society of Chemistry}
}
@article{newberg2015adsorption,
  title={Adsorption of 2-propanol on ice probed by ambient pressure X-ray photoelectron spectroscopy},
  author={Newberg, John T and Bluhm, Hendrik},
  journal={Physical Chemistry Chemical Physics},
  volume={17},
  number={36},
  pages={23554--23558},
  year={2015},
  publisher={Royal Society of Chemistry}
}
@article{krepelova2013adsorption,
  title={Adsorption of acetic acid on ice studied by ambient-pressure XPS and partial-electron-yield NEXAFS spectroscopy at 230--240 K},
  author={Křepelová, Adéla and Bartels-Rausch, Thorsten and Brown, Matthew A and Bluhm, Hendrik and Ammann, Markus},
  journal={The Journal of Physical Chemistry A},
  volume={117},
  number={2},
  pages={401--409},
  year={2013},
  publisher={ACS Publications}
}
@article{su2013joint,
  title={A Joint Photoelectron Spectroscopy and Theoretical Study on the Electronic Structure of UCl5- and UCl5},
  author={Su, Jing and Dau, Phuong Diem and Xu, Chao-Fei and Huang, Dao-Ling and Liu, Hong-Tao and Wei, Fan and Wang, Lai-Sheng and Li, Jun},
  journal={Chemistry--An Asian Journal},
  volume={8},
  number={10},
  pages={2489--2496},
  year={2013},
  publisher={Wiley Online Library}
}
@article{dau2012observation,
  title={Observation and investigation of the uranyl tetrafluoride dianion (UO 2 F 4 2-) and its solvation complexes with water and acetonitrile},
  author={Dau, Phuong Diem and Su, Jing and Liu, Hong-Tao and Liu, Jian-Biao and Huang, Dao-Ling and Li, Jun and Wang, Lai-Sheng},
  journal={Chemical Science},
  volume={3},
  number={4},
  pages={1137--1146},
  year={2012},
  publisher={Royal Society of Chemistry}
}
@article{yamamoto2010water,
  title={Water adsorption on $\alpha$-Fe2O3 (0001) at near ambient conditions},
  author={Yamamoto, Susumu and Kendelewicz, Tom and Newberg, John T and Ketteler, Guido and Starr, David E and Mysak, Erin R and Andersson, Klas J and Ogasawara, Hirohito and Bluhm, Hendrik and Salmeron, Miquel and others},
  journal={The Journal of Physical Chemistry C},
  volume={114},
  number={5},
  pages={2256--2266},
  year={2010},
  publisher={ACS Publications}
}
@article{newberg2011formation,
  title={Formation of hydroxyl and water layers on MgO films studied with ambient pressure XPS},
  author={Newberg, John T and Starr, David E and Yamamoto, Susumu and Kaya, Sarp and Kendelewicz, Tom and Mysak, Erin R and Porsgaard, Soeren and Salmeron, Miquel B and Brown Jr, Gordon E and Nilsson, Anders and others},
  journal={Surface Science},
  volume={605},
  number={1-2},
  pages={89--94},
  year={2011},
  publisher={Elsevier}
}
@article{starr2017combined,
  title={Combined soft and hard X-ray ambient pressure photoelectron spectroscopy studies of semiconductor/electrolyte interfaces},
  author={Starr, David E and Favaro, Marco and Abdi, Fatwa F and Bluhm, Hendrik and Crumlin, Ethan J and van de Krol, Roel},
  journal={Journal of Electron Spectroscopy and Related Phenomena},
  volume={221},
  pages={106--115},
  year={2017},
  publisher={Elsevier}
}
@article{olivieri2016quantitative,
  title={Quantitative ionization energies and work functions of aqueous solutions},
  author={Olivieri, Giorgia and Goel, Alok and Kleibert, Armin and Cvetko, Dean and Brown, Matthew A},
  journal={Physical Chemistry Chemical Physics},
  volume={18},
  number={42},
  pages={29506--29515},
  year={2016},
  publisher={Royal Society of Chemistry}
}
@article{tissot2015cation,
  title={Cation depth-distribution at alkali halide aqueous solution surfaces},
  author={Tissot, Héloise and Olivieri, Giorgia and Gallet, Jean-Jacques and Bournel, Fabrice and Silly, Mathieu G and Sirotti, Fausto and Rochet, Fran{\c{c}}ois},
  journal={The Journal of Physical Chemistry C},
  volume={119},
  number={17},
  pages={9253--9259},
  year={2015},
  publisher={ACS Publications}
}
@article{gaiduk2016photoelectron,
  title={Photoelectron spectra of aqueous solutions from first principles},
  author={Gaiduk, Alex P and Govoni, Marco and Seidel, Robert and Skone, Jonathan H and Winter, Bernd and Galli, Giulia},
  journal={Journal of the American Chemical Society},
  volume={138},
  number={22},
  pages={6912--6915},
  year={2016},
  publisher={ACS Publications}
}
@article{domine2008snow,
  title={Snow physics as relevant to snow photochemistry},
  author={Domine, F and Albert, M and Huthwelker, T and Jacobi, H-W and Kokhanovsky, AA and Lehning, M and Picard, G and Simpson, WR},
  journal={Atmospheric chemistry and physics},
  volume={8},
  number={2},
  pages={171--208},
  year={2008},
  publisher={Copernicus GmbH}
}
@article{solomon1999stratospheric,
  title={Stratospheric ozone depletion: A review of concepts and history},
  author={Solomon, Susan},
  journal={Reviews of Geophysics},
  volume={37},
  number={3},
  pages={275--316},
  year={1999},
  publisher={Wiley Online Library}
}
@article{abbatt2003interactions,
  title={Interactions of atmospheric trace gases with ice surfaces: Adsorption and reaction},
  author={Abbatt, Jonathan PD},
  journal={Chemical reviews},
  volume={103},
  number={12},
  pages={4783--4800},
  year={2003},
  publisher={ACS Publications}
}
@article{jacobi2004reactive,
  title={Reactive trace gases measured in the interstitial air of surface snow at Summit, Greenland},
  author={Jacobi, Hans-Werner and Bales, Roger C and Honrath, Richard E and Peterson, Matthew C and Dibb, Jack E and Swanson, Aaron L and Albert, Mary R},
  journal={Atmospheric Environment},
  volume={38},
  number={12},
  pages={1687--1697},
  year={2004},
  publisher={Elsevier}
}
@article{toubin2001dynamics,
  title={Dynamics of ice layers deposited on MgO (001): Quasielastic neutron scattering experiments and molecular dynamics simulations},
  author={Toubin, C and Picaud, S and Hoang, PNM and Girardet, C and Demirdjian, B and Ferry, D and Suzanne, J},
  journal={The Journal of Chemical Physics},
  volume={114},
  number={14},
  pages={6371--6381},
  year={2001},
  publisher={AIP}
}
@article{bartels2014review,
  title={A review of air--ice chemical and physical interactions (AICI): liquids, quasi-liquids, and solids in snow},
  author={Bartels-Rausch, Thorsten and Jacobi, H-W and Kahan, Tara F and Thomas, Jennie L and Thomson, Erik S and Abbatt, Jonathan PD and Ammann, Markus and Blackford, Jane R and Bluhm, Hendrik and Boxe, Chris and others},
  journal={Atmospheric chemistry and physics},
  volume={14},
  number={3},
  pages={1587--1633},
  year={2014},
  publisher={Copernicus GmbH}
}
@article{cabaleiro2002computational,
  title={Computational study of the dissociation of H--X acids (X= F, Cl, Br, I) in water clusters},
  author={Cabaleiro-Lago, Enrique M and Hermida-Ram{\'o}n, Jose M and Rodr{\i}́guez-Otero, Jes{\'u}s},
  journal={The Journal of chemical physics},
  volume={117},
  number={7},
  pages={3160--3168},
  year={2002},
  publisher={AIP}
}
@article{baer2014investigation,
  title={Investigation of interfacial and bulk dissociation of HBr, HCl, and HNO3 using density functional theory-based molecular dynamics simulations},
  author={Baer, Marcel D and Tobias, Douglas J and Mundy, Christopher J},
  journal={The Journal of Physical Chemistry C},
  volume={118},
  number={50},
  pages={29412--29420},
  year={2014},
  publisher={ACS Publications}
}
@article{darvas2012adsorption,
  title={Adsorption of acetaldehyde on ice as seen from computer simulation and infrared spectroscopy measurements},
  author={Darvas, Mária and Lasne, Jérôme and Laffon, Carine and Parent, Philippe and Picaud, Sylvain and Jedlovszky, Pál},
  journal={Langmuir},
  volume={28},
  number={9},
  pages={4198--4207},
  year={2012},
  publisher={ACS Publications}
}
@article{gordon2018model,
  title={Model Behavior: Characterization of Hydroxyacetone at the Air--Water Interface Using Experimental and Computational Vibrational Sum Frequency Spectroscopy},
  author={Gordon, Brittany P and Moore, Frederick G and Scatena, Lawrence F and Valley, Nicholas A and Wren, Sumi N and Richmond, Geraldine L},
  journal={The Journal of Physical Chemistry A},
  volume={122},
  number={15},
  pages={3837--3849},
  year={2018},
  publisher={ACS Publications}
}
@article{arillo2007can,
  title={Can semi-empirical models describe HCl dissociation in water?},
  author={Arillo-Flores, OI and Ruiz-L{\'o}pez, MF and Bernal-Uruchurtu, MI},
  journal={Theoretical Chemistry Accounts},
  volume={118},
  number={2},
  pages={425--435},
  year={2007},
  publisher={Springer}
}
@article{odde2004dissociation,
  title={Dissociation chemistry of hydrogen halides in water},
  author={Odde, Srinivas and Mhin, Byung Jin and Lee, Sik and Lee, Han Myoung and Kim, Kwang S},
  journal={The Journal of chemical physics},
  volume={120},
  number={20},
  pages={9524--9535},
  year={2004},
  publisher={AIP}
}
@article{quinonero2005structure,
  title={Structure and binding energy of anion- $\pi$ and cation- $\pi$ complexes: a comparison of MP2, RI-MP2, DFT, and DF-DFT methods},
  author={Qui{\~n}onero, David and Garau, Carolina and Frontera, Antonio and Ballester, Pablo and Costa, Antoni and Dey{\`a}, Pere M},
  journal={The journal of physical chemistry A},
  volume={109},
  number={20},
  pages={4632--4637},
  year={2005},
  publisher={ACS Publications}
}
@article{wick2017comparison,
  title={A comparison of sodium and hydrogen halides at the air-water interface},
  author={Wick, Collin D},
  journal={The Journal of chemical physics},
  volume={147},
  number={16},
  pages={161703},
  year={2017},
  publisher={AIP Publishing}
}
@article{calatayud2003ionization,
  title={Ionization of HCl and HF in ice: a periodic DFT study},
  author={Calatayud, M{\`o}nica and Courmier, Delphine and Minot, Christian},
  journal={Chemical physics letters},
  volume={369},
  number={3-4},
  pages={287--292},
  year={2003},
  publisher={Elsevier}
}
@article{dau2012observation,
  title={Observation and investigation of the uranyl tetrafluoride dianion (UO 2 F 4 2-) and its solvation complexes with water and acetonitrile},
  author={Dau, Phuong Diem and Su, Jing and Liu, Hong-Tao and Liu, Jian-Biao and Huang, Dao-Ling and Li, Jun and Wang, Lai-Sheng},
  journal={Chemical Science},
  volume={3},
  number={4},
  pages={1137--1146},
  year={2012},
  publisher={Royal Society of Chemistry}
}
@article{gaiduk2018electron,
  title={Electron affinity of liquid water},
  author={Gaiduk, Alex P and Pham, Tuan Anh and Govoni, Marco and Paesani, Francesco and Galli, Giulia},
  journal={Nature communications},
  volume={9},
  number={1},
  pages={247},
  year={2018},
  publisher={Nature Publishing Group}
}
@article{aryasetiawan1998gw,
  title={The GW method},
  author={Aryasetiawan, F and Gunnarsson, O},
  year={1998}
}
@article{habartova2015molecular,
  title={Molecular simulations of halomethanes at the air/ice interface},
  author={Habartov{\'a}, Alena and Hormain, Laureline and Pluhařová, E and Briquez, St{\'e}phane and Monnerville, Maurice and Toubin, C{\'e}line and Roeselová, Martina},
  journal={The Journal of Physical Chemistry A},
  volume={119},
  number={39},
  pages={10052--10059},
  year={2015},
  publisher={ACS Publications}
}
@article{gomes2012quantum,
  title={Quantum-chemical embedding methods for treating local electronic excitations in complex chemical systems},
  author={Gomes, Andr{\'e} Severo Pereira and Jacob, Christoph R},
  journal={Annual Reports Section" C"(Physical Chemistry)},
  volume={108},
  pages={222--277},
  year={2012},
  publisher={Royal Society of Chemistry}
}
@article{bouchafra2018predictive,
  title={Predictive Simulations of Ionization Energies of Solvated Halide Ions with Relativistic Embedded Equation of Motion Coupled Cluster Theory},
  author={Bouchafra, Yassine and Shee, Avijit and R{\'e}al, Florent and Vallet, Val{\'e}rie and Gomes, Andr{\'e} Severo Pereira},
  journal={Physical review letters},
  volume={121},
  number={26},
  pages={266001},
  year={2018},
  publisher={APS}
}
@article{jacob2006comparison,
  title={Comparison of frozen-density embedding and discrete reaction field solvent models for molecular properties},
  author={Jacob, Christoph R and Neugebauer, Johannes and Jensen, Lasse and Visscher, Lucas},
  journal={Physical Chemistry Chemical Physics},
  volume={8},
  number={20},
  pages={2349--2359},
  year={2006},
  publisher={Royal Society of Chemistry}
}
@article{hofener2013solvatochromic,
  title={Solvatochromic shifts from coupled-cluster theory embedded in density functional theory},
  author={H{\"o}fener, Sebastian and Gomes, Andr{\'e} Severo Pereira and Visscher, Lucas},
  journal={The Journal of chemical physics},
  volume={139},
  number={10},
  pages={104106},
  year={2013},
  publisher={AIP}
}
@article{woittequand2007classical,
  title={Classical and quantum studies of the photodissociation of a HX (X= Cl, F) molecule adsorbed on ice},
  author={Woittequand, S and Duflot, D and Monnerville, M and Pouilly, B and Toubin, C and Briquez, S and Meyer, H-D},
  journal={The Journal of chemical physics},
  volume={127},
  number={16},
  pages={164717},
  year={2007},
  publisher={AIP}
}
@article{gomes2008calculation,
  title={Calculation of local excitations in large systems by embedding wave-function theory in density-functional theory},
  author={Gomes, Andre Severo Pereira and Jacob, Christoph R and Visscher, Lucas},
  journal={Physical Chemistry Chemical Physics},
  volume={10},
  number={35},
  pages={5353--5362},
  year={2008},
  publisher={Royal Society of Chemistry}
}
@article{hofener2012calculation,
  title={Calculation of electronic excitations using wave-function in wave-function frozen-density embedding},
  author={H{\"o}fener, Sebastian and Visscher, Lucas},
  journal={The Journal of chemical physics},
  volume={137},
  number={20},
  pages={204120},
  year={2012},
  publisher={AIP}
}
@article{opalka2014ionization,
  title={The ionization potential of aqueous hydroxide computed using many-body perturbation theory},
  author={Opalka, Daniel and Pham, Tuan Anh and Sprik, Michiel and Galli, Giulia},
  journal={The Journal of chemical physics},
  volume={141},
  number={3},
  pages={034501},
  year={2014},
  publisher={AIP}
}
@article{pham2017electronic,
  title={Electronic structure of aqueous solutions: Bridging the gap between theory and experiments},
  author={Pham, Tuan Anh and Govoni, Marco and Seidel, Robert and Bradforth, Stephen E and Schwegler, Eric and Galli, Giulia},
  journal={Science advances},
  volume={3},
  number={6},
  pages={e1603210},
  year={2017},
  publisher={American Association for the Advancement of Science}
}
@book{hufner2013photoelectron,
  title={Photoelectron spectroscopy: principles and applications},
  author={H{\"u}fner, Stephan},
  year={2013},
  publisher={Springer Science \& Business Media}
}
@article{bartlett2007coupled,
  title={Coupled-cluster theory in quantum chemistry},
  author={Bartlett, Rodney J and Musia{\l}, Monika},
  journal={Reviews of Modern Physics},
  volume={79},
  number={1},
  pages={291},
  year={2007},
  publisher={APS}
}
@article{musial2011multireference,
  title={Multireference coupled-cluster theory: The easy way},
  author={Musia{\l}, Monika and Perera, Ajith and Bartlett, Rodney J},
  journal={The Journal of chemical physics},
  volume={134},
  number={11},
  pages={114108},
  year={2011},
  publisher={AIP}
}
@article{blase2016erratum,
  title={Erratum:“GW and Bethe-Salpeter study of small water clusters”[J. Chem. Phys. 144, 034109 (2016)]},
  author={Blase, Xavier and Boulanger, Paul and Bruneval, Fabien and Fernandez-Serra, Marivi and Duchemin, Ivan},
  journal={The Journal of chemical physics},
  volume={145},
  number={16},
  pages={169901},
  year={2016},
  publisher={AIP Publishing}
}
@article{lange2018relation,
  title={On the relation between equation-of-motion coupled-cluster theory and the GW approximation},
  author={Lange, Malte F and Berkelbach, Timothy C},
  journal={Journal of chemical theory and computation},
  volume={14},
  number={8},
  pages={4224--4236},
  year={2018},
  publisher={ACS Publications}
}
@article{dutta2017assessment,
  title={Assessment of Low Scaling Approximations to EOM-CCSD Method for Ionization Potential},
  author={Dutta, Achintya Kumar and Vavala, Nayana and Pal, Sourav},
  journal={arXiv preprint arXiv:1708.01293},
  year={2017}
}
@article{dutta2018lower,
  title={Lower scaling approximation to EOM-CCSD: A critical assessment of the ionization problem},
  author={Dutta, Achintya Kumar and Vaval, Nayana and Pal, Sourav},
  journal={International Journal of Quantum Chemistry},
  volume={118},
  number={14},
  pages={e25594},
  year={2018},
  publisher={Wiley Online Library}
}
@article{shee2018equation,
  title={Equation-of-motion coupled-cluster theory based on the 4-component Dirac--Coulomb (--Gaunt) Hamiltonian. Energies for single electron detachment, attachment, and electronically excited states},
  author={Shee, Avijit and Saue, Trond and Visscher, Lucas and Severo Pereira Gomes, Andr{\'e}},
  journal={The Journal of chemical physics},
  volume={149},
  number={17},
  pages={174113},
  year={2018},
  publisher={AIP Publishing}
}
@article{bouchafra2018predictive,
  title={Predictive Simulations of Ionization Energies of Solvated Halide Ions with Relativistic Embedded Equation of Motion Coupled Cluster Theory},
  author={Bouchafra, Yassine and Shee, Avijit and R{\'e}al, Florent and Vallet, Val{\'e}rie and Gomes, Andr{\'e} Severo Pereira},
  journal={Physical review letters},
  volume={121},
  number={26},
  pages={266001},
  year={2018},
  publisher={APS}
}
@article{peng2015energy,
  title={Energy-specific equation-of-motion coupled-cluster methods for high-energy excited states: Application to K-edge X-ray absorption spectroscopy},
  author={Peng, Bo and Lestrange, Patrick J and Goings, Joshua J and Caricato, Marco and Li, Xiaosong},
  journal={Journal of chemical theory and computation},
  volume={11},
  number={9},
  pages={4146--4153},
  year={2015},
  publisher={ACS Publications}
}
@article{cederbaum1980many,
  title={Many-body theory of core holes},
  author={Cederbaum, Lorenz S and Domcke, W and Schirmer, Jochen},
  journal={Physical Review A},
  volume={22},
  number={1},
  pages={206},
  year={1980},
  publisher={APS}
}
@article{kroes1992sticking,
  title={Sticking of hydrogen chloride and chlorine hydroxide to ice: A computational study},
  author={Kroes, Geert Jan and Clary, David C},
  journal={The Journal of Physical Chemistry},
  volume={96},
  number={17},
  pages={7079--7088},
  year={1992},
  publisher={ACS Publications}
}
@article{woittequand2007classical,
  title={Classical and quantum studies of the photodissociation of a HX (X= Cl, F) molecule adsorbed on ice},
  author={Woittequand, S and Duflot, D and Monnerville, M and Pouilly, B and Toubin, C and Briquez, S and Meyer, H-D},
  journal={The Journal of chemical physics},
  volume={127},
  number={16},
  pages={164717},
  year={2007},
  publisher={AIP}
}
@article{jorgensen1983comparison,
  title={Comparison of simple potential functions for simulating liquid water},
  author={Jorgensen, William L and Chandrasekhar, Jayaraman and Madura, Jeffry D and Impey, Roger W and Klein, Michael L},
  journal={The Journal of chemical physics},
  volume={79},
  number={2},
  pages={926--935},
  year={1983},
  publisher={AIP}
}
@article{schipper2000molecular,
  title={Molecular calculations of excitation energies and (hyper) polarizabilities with a statistical average of orbital model exchange-correlation potentials},
  author={Schipper, PRT and Gritsenko, OV and Van Gisbergen, SJA and Baerends, EJ},
  journal={The Journal of Chemical Physics},
  volume={112},
  number={3},
  pages={1344--1352},
  year={2000},
  publisher={AIP}
}
@article{tecmer2011electronic,
  title={Electronic spectroscopy of UO 2 2+, NUO+ and NUN: an evaluation of time-dependent density functional theory for actinides},
  author={Tecmer, Pawe{\l} and Gomes, Andr{\'e} Severo Pereira and Ekstr{\"o}m, Ulf and Visscher, Lucas},
  journal={Physical Chemistry Chemical Physics},
  volume={13},
  number={13},
  pages={6249--6259},
  year={2011},
  publisher={Royal Society of Chemistry}
}
@article{daday2013state,
  title={State-specific embedding potentials for excitation-energy calculations},
  author={Daday, Csaba and König, Carolin and Valsson, Omar and Neugebauer, Johannes and Filippi, Claudia},
  journal={Journal of chemical theory and computation},
  volume={9},
  number={5},
  pages={2355--2367},
  year={2013},
  publisher={ACS Publications}
}
@article{chong2002interpretation,
  title={Interpretation of the Kohn--Sham orbital energies as approximate vertical ionization potentials},
  author={Chong, DP and Gritsenko, OV and Baerends, EJ},
  journal={The Journal of Chemical Physics},
  volume={116},
  number={5},
  pages={1760--1772},
  year={2002},
  publisher={AIP}
}
@article{lemierre2005calculation,
  title={Calculation of ionization potentials of small molecules: A comparative study of different methods},
  author={Lemierre, Virginie and Chrostowska, Anna and Dargelos, Alain and Chermette, Henry},
  journal={The Journal of Physical Chemistry A},
  volume={109},
  number={37},
  pages={8348--8355},
  year={2005},
  publisher={ACS Publications}
}
@article{segala2009evaluation,
  title={An evaluation of exchange-correlation functionals for the calculations of the ionization energies for atoms and molecules},
  author={Segala, Maximiliano and Chong, Delano P},
  journal={Journal of Electron Spectroscopy and Related Phenomena},
  volume={171},
  number={1-3},
  pages={18--23},
  year={2009},
  publisher={Elsevier}
}
@article{takahata2003dft,
  title={DFT calculation of core-electron binding energies},
  author={Takahata, Yuji and Chong, Delano P},
  journal={Journal of electron spectroscopy and related phenomena},
  volume={133},
  number={1-3},
  pages={69--76},
  year={2003},
  publisher={Elsevier}
}
<<<<<<< HEAD


=======
@article{saue2011relativistic,
  title={Relativistic Hamiltonians for chemistry: a primer},
  author={Saue, Trond},
  journal={ChemPhysChem},
  volume={12},
  number={17},
  pages={3077--3094},
  year={2011},
  publisher={Wiley Online Library}
}
@article{visscher1997approximate,
  title={Approximate molecular relativistic Dirac-Coulomb calculations using a simple Coulombic correction},
  author={Visscher, Lucas},
  journal={Theoretical Chemistry Accounts},
  volume={98},
  number={2-3},
  pages={68--70},
  year={1997},
  publisher={Springer}
}
ZORA
@article{lenthe1993relativistic,
  title={Relativistic regular two-component Hamiltonians},
  author={Lenthe, E van and Baerends, Evert-Jan and Snijders, Jaap G},
  journal={The Journal of chemical physics},
  volume={99},
  number={6},
  pages={4597--4610},
  year={1993},
  publisher={AIP}
}
@article{van2003optimized,
  title={Optimized Slater-type basis sets for the elements 1--118},
  author={Van Lenthe, Erik and Baerends, Evert Jan},
  journal={Journal of computational chemistry},
  volume={24},
  number={9},
  pages={1142--1156},
  year={2003},
  publisher={Wiley Online Library}
}
@article{perdew1996generalized,
  title={Generalized gradient approximation made simple},
  author={Perdew, John P and Burke, Kieron and Ernzerhof, Matthias},
  journal={Physical review letters},
  volume={77},
  number={18},
  pages={3865},
  year={1996},
  publisher={APS}
}
@article{dyall2016relativistic,
  title={Relativistic double-zeta, triple-zeta, and quadruple-zeta basis sets for the light elements H--Ar},
  author={Dyall, Kenneth G},
  journal={Theoretical Chemistry Accounts},
  volume={135},
  number={5},
  pages={128},
  year={2016},
  publisher={Springer}
}
@book{hollas2004modern,
  title={Modern spectroscopy},
  author={Hollas, J Michael},
  year={2004},
  publisher={John Wiley \& Sons}
}
@article{helgaker2004priori,
  title={A priori calculation of molecular properties to chemical accuracy},
  author={Helgaker, Trygve and Ruden, Torgeir A and J{\o}rgensen, Poul and Olsen, Jeppe and Klopper, Wim},
  journal={Journal of physical organic chemistry},
  volume={17},
  number={11},
  pages={913--933},
  year={2004},
  publisher={Wiley Online Library}
}
@incollection{yang2003density,
  title={Density-functional theory},
  author={Yang, Weitao and Ayers, Paul W},
  booktitle={Computational Medicinal Chemistry for Drug Discovery},
  pages={103--132},
  year={2003},
  publisher={CRC Press}
}
@book{jensen2017introduction,
  title={Introduction to computational chemistry},
  author={Jensen, Frank},
  year={2017},
  publisher={John wiley \& sons}
}
@article{hohenberg1964inhomogeneous,
  title={Inhomogeneous electron gas},
  author={Hohenberg, Pierre and Kohn, Walter},
  journal={Physical review},
  volume={136},
  number={3B},
  pages={B864},
  year={1964},
  publisher={APS}
}
@article{kohn1965quantum,
  title={Quantum density oscillations in an inhomogeneous electron gas},
  author={Kohn, W and Sham, LJ},
  journal={Physical Review},
  volume={137},
  number={6A},
  pages={A1697},
  year={1965},
  publisher={APS}
}
@article{kohn1965self,
  title={Self-consistent equations including exchange and correlation effects},
  author={Kohn, Walter and Sham, Lu Jeu},
  journal={Physical review},
  volume={140},
  number={4A},
  pages={A1133},
  year={1965},
  publisher={APS}
}
@article{cortona1991self,
  title={Self-consistently determined properties of solids without band-structure calculations},
  author={Cortona, Pietro},
  journal={Physical Review B},
  volume={44},
  number={16},
  pages={8454},
  year={1991},
  publisher={APS}
}
@article{wesolowski1997density,
  title={Density functional theory with approximate kinetic energy functionals applied to hydrogen bonds},
  author={Wesolowski, Tomasz Adam},
  journal={J. Chem. Phys},
  volume={106},
  number={20},
  year={1997}
}
@article{wesolowski1996kohn,
  title={Kohn-Sham equations with constrained electron density: an iterative evaluation of the ground-state electron density of interacting molecules},
  author={Wesolowski, Tomasz Adam and Weber, Jacques},
  journal={Chemical physics letters},
  volume={248},
  number={1-2},
  pages={71--76},
  year={1996}
}
@article{thole1980quantum,
  title={On the quantum mechanical treatment of solvent effects},
  author={Thole, Bernard Theodoor and van Duijnen, Petrus Theodorus},
  journal={Theoretica chimica acta},
  volume={55},
  number={4},
  pages={307--318},
  year={1980},
  publisher={Springer}
}
@article{field1990combined,
  title={A combined quantum mechanical and molecular mechanical potential for molecular dynamics simulations},
  author={Field, Martin J and Bash, Paul A and Karplus, Martin},
  journal={Journal of Computational Chemistry},
  volume={11},
  number={6},
  pages={700--733},
  year={1990},
  publisher={Wiley Online Library}
}
@article{gao1996hybrid,
  title={Hybrid QM/MM Simulations Yield the Ground and Excited State p K a Difference: Phenol in Aqueous Solution},
  author={Gao, Jiali and Li, Naiqi and Freindorf, Marek},
  journal={Journal of the American Chemical Society},
  volume={118},
  number={20},
  pages={4912--4913},
  year={1996},
  publisher={ACS Publications}
}
@article{jacob2006comparison,
  title={Comparison of frozen-density embedding and discrete reaction field solvent models for molecular properties},
  author={Jacob, Christoph R and Neugebauer, Johannes and Jensen, Lasse and Visscher, Lucas},
  journal={Physical Chemistry Chemical Physics},
  volume={8},
  number={20},
  pages={2349--2359},
  year={2006},
  publisher={Royal Society of Chemistry}
}
@article{wesolowski1993frozen,
  title={Frozen density functional approach for ab initio calculations of solvated molecules},
  author={Wesolowski, Tomasz Adam and Warshel, Arieh},
  journal={The Journal of Physical Chemistry},
  volume={97},
  number={30},
  pages={8050--8053},
  year={1993},
  publisher={ACS Publications}
}
@article{yang1991direct,
  title={Direct calculation of electron density in density-functional theory},
  author={Yang, Weitao},
  journal={Physical Review Letters},
  volume={66},
  number={11},
  pages={1438},
  year={1991},
  publisher={APS}
}
@article{hofener2012molecular,
  title={Molecular properties via a subsystem density functional theory formulation: A common framework for electronic embedding},
  author={H{\"o}fener, Sebastian and Severo Pereira Gomes, Andr{\'e} and Visscher, Lucas},
  journal={The Journal of chemical physics},
  volume={136},
  number={4},
  pages={044104},
  year={2012},
  publisher={AIP}
}
@article{hanrath2005exponential,
  title={An exponential multireference wave-function Ansatz},
  author={Hanrath, Michael},
  journal={The Journal of chemical physics},
  volume={123},
  number={8},
  pages={084102},
  year={2005},
  publisher={AIP}
}
@article{vcivzek1966correlation,
  title={On the correlation problem in atomic and molecular systems. Calculation of wavefunction components in Ursell-type expansion using quantum-field theoretical methods},
  author={{\v{C}}{\'\i}{\v{z}}ek, Ji{\v{r}}{\'\i}},
  journal={The Journal of Chemical Physics},
  volume={45},
  number={11},
  pages={4256--4266},
  year={1966},
  publisher={AIP}
}
@article{kongsted2003coupled,
  title={Coupled cluster/molecular mechanics method: Implementation and application to liquid water},
  author={Kongsted, Jacob and Osted, Anders and Mikkelsen, Kurt V and Christiansen, Ove},
  journal={The Journal of Physical Chemistry A},
  volume={107},
  number={14},
  pages={2578--2588},
  year={2003},
  publisher={ACS Publications}
}
@article{helgaker1989configuration,
  title={Configuration-interaction energy derivatives in a fully variational formulation},
  author={Helgaker, Trygve and J{\o}rgensen, Poul},
  journal={Theoretica chimica acta},
  volume={75},
  number={2},
  pages={111--127},
  year={1989},
  publisher={Springer}
}
@article{hofener2012molecular,
  title={Molecular properties via a subsystem density functional theory formulation: A common framework for electronic embedding},
  author={H{\"o}fener, Sebastian and Severo Pereira Gomes, Andr{\'e} and Visscher, Lucas},
  journal={The Journal of chemical physics},
  volume={136},
  number={4},
  pages={044104},
  year={2012},
  publisher={AIP}
}
@article{arponen1983j,
  title={J. Arponen, Ann. Phys.(NY) 151, 311 (1983).},
  author={Arponen, J},
  journal={Ann. Phys.(NY)},
  volume={151},
  pages={311},
  year={1983}
}
@article{koch1990p,
  title={P. J{\o}rgensen, T. Helgaker, GE Scuseria, and HF Schaefer III},
  author={Koch, H and Jensen, HJ Aa},
  journal={J. Chem. Phys},
  volume={92},
  pages={4924},
  year={1990}
}
@article{koch1990coupled,
  title={Coupled cluster response functions},
  author={Koch, Henrik and Jo/rgensen, Poul},
  journal={The Journal of Chemical Physics},
  volume={93},
  number={5},
  pages={3333--3344},
  year={1990},
  publisher={AIP}
}
@article{bartlett2007coupled,
  title={Coupled-cluster theory in quantum chemistry},
  author={Bartlett, Rodney J and Musia{\l}, Monika},
  journal={Reviews of Modern Physics},
  volume={79},
  number={1},
  pages={291},
  year={2007},
  publisher={APS}
}
@article{gomes2008calculation,
  title={Calculation of local excitations in large systems by embedding wave-function theory in density-functional theory},
  author={Gomes, Andre Severo Pereira and Jacob, Christoph R and Visscher, Lucas},
  journal={Physical Chemistry Chemical Physics},
  volume={10},
  number={35},
  pages={5353--5362},
  year={2008},
  publisher={Royal Society of Chemistry}
}
@article{hofener2013solvatochromic,
  title={Solvatochromic shifts from coupled-cluster theory embedded in density functional theory},
  author={H{\"o}fener, Sebastian and Gomes, Andr{\'e} Severo Pereira and Visscher, Lucas},
  journal={The Journal of chemical physics},
  volume={139},
  number={10},
  pages={104106},
  year={2013},
  publisher={AIP}
}
@article{gomes2012quantum,
  title={Quantum-chemical embedding methods for treating local electronic excitations in complex chemical systems},
  author={Gomes, Andr{\'e} Severo Pereira and Jacob, Christoph R},
  journal={Annual Reports Section" C"(Physical Chemistry)},
  volume={108},
  pages={222--277},
  year={2012},
  publisher={Royal Society of Chemistry}
}
@article{henderson2002interaction,
  title={The interaction of water with solid surfaces: fundamental aspects revisited},
  author={Henderson, Michael A},
  journal={Surface Science Reports},
  volume={46},
  number={1-8},
  pages={1--308},
  year={2002},
  publisher={Elsevier}
}
@article{shibaguchi1977electronic,
  title={Electronic structures of water and ice},
  author={Shibaguchi, Takashi and Onuki, Hideo and Onaka, Ryumyo},
  journal={Journal of the Physical Society of Japan},
  volume={42},
  number={1},
  pages={152--158},
  year={1977},
  publisher={The Physical Society of Japan}
}
@article{markovich1994photoelectron,
  title={Photoelectron spectroscopy of Cl-, Br-, and I- solvated in water clusters},
  author={Markovich, Gil and Pollack, Stuart and Giniger, Rina and Cheshnovsky, Ori},
  journal={The Journal of chemical physics},
  volume={101},
  number={11},
  pages={9344--9353},
  year={1994},
  publisher={AIP}
}
















































