@article{kong2017coexistence,
  title={Coexistence of Physisorbed and Solvated HCl at Warm Ice Surfaces},
  author={Kong, Xiangrui and Waldner, Astrid and Orlando, Fabrizio and Artiglia, Luca and Huthwelker, Thomas and Ammann, Markus and Bartels-Rausch, Thorsten},
  journal={The journal of physical chemistry letters},
  volume={8},
  number={19},
  pages={4757--4762},
  year={2017},
  publisher={ACS Publications}
}
@article{parent2011hcl,
  title={HCl adsorption on ice at low temperature: a combined X-ray absorption, photoemission and infrared study},
  author={Parent, Philippe and Lasne, J{\'e}r{\^o}me and Marcotte, Guillaume and Laffon, Carine},
  journal={Physical Chemistry Chemical Physics},
  volume={13},
  number={15},
  pages={7142--7148},
  year={2011},
  publisher={Royal Society of Chemistry}
}
@article{starr2011acetone,
  title={Acetone adsorption on ice investigated by X-ray spectroscopy and density functional theory},
  author={Starr, DE and Pan, D and Newberg, JT and Ammann, M and Wang, EG and Michaelides, A and Bluhm, H},
  journal={Physical Chemistry Chemical Physics},
  volume={13},
  number={44},
  pages={19988--19996},
  year={2011},
  publisher={Royal Society of Chemistry}
}
@article{newberg2015adsorption,
  title={Adsorption of 2-propanol on ice probed by ambient pressure X-ray photoelectron spectroscopy},
  author={Newberg, John T and Bluhm, Hendrik},
  journal={Physical Chemistry Chemical Physics},
  volume={17},
  number={36},
  pages={23554--23558},
  year={2015},
  publisher={Royal Society of Chemistry}
}
@article{krepelova2013adsorption,
  title={Adsorption of acetic acid on ice studied by ambient-pressure XPS and partial-electron-yield NEXAFS spectroscopy at 230--240 K},
  author={Křepelová, Adéla and Bartels-Rausch, Thorsten and Brown, Matthew A and Bluhm, Hendrik and Ammann, Markus},
  journal={The Journal of Physical Chemistry A},
  volume={117},
  number={2},
  pages={401--409},
  year={2013},
  publisher={ACS Publications}
}
@article{su2013joint,
  title={A Joint Photoelectron Spectroscopy and Theoretical Study on the Electronic Structure of UCl5- and UCl5},
  author={Su, Jing and Dau, Phuong Diem and Xu, Chao-Fei and Huang, Dao-Ling and Liu, Hong-Tao and Wei, Fan and Wang, Lai-Sheng and Li, Jun},
  journal={Chemistry--An Asian Journal},
  volume={8},
  number={10},
  pages={2489--2496},
  year={2013},
  publisher={Wiley Online Library}
}
@article{dau2012observation,
  title={Observation and investigation of the uranyl tetrafluoride dianion (UO 2 F 4 2-) and its solvation complexes with water and acetonitrile},
  author={Dau, Phuong Diem and Su, Jing and Liu, Hong-Tao and Liu, Jian-Biao and Huang, Dao-Ling and Li, Jun and Wang, Lai-Sheng},
  journal={Chemical Science},
  volume={3},
  number={4},
  pages={1137--1146},
  year={2012},
  publisher={Royal Society of Chemistry}
}
<<<<<<< HEAD
@article{domine2008snow,
  title={Snow physics as relevant to snow photochemistry},
  author={Domine, F and Albert, M and Huthwelker, T and Jacobi, H-W and Kokhanovsky, AA and Lehning, M and Picard, G and Simpson, WR},
  journal={Atmospheric chemistry and physics},
  volume={8},
  number={2},
  pages={171--208},
  year={2008},
  publisher={Copernicus GmbH}
}
@article{solomon1999stratospheric,
  title={Stratospheric ozone depletion: A review of concepts and history},
  author={Solomon, Susan},
  journal={Reviews of Geophysics},
  volume={37},
  number={3},
  pages={275--316},
  year={1999},
  publisher={Wiley Online Library}
}
@article{abbatt2003interactions,
  title={Interactions of atmospheric trace gases with ice surfaces: Adsorption and reaction},
  author={Abbatt, Jonathan PD},
  journal={Chemical reviews},
  volume={103},
  number={12},
  pages={4783--4800},
  year={2003},
  publisher={ACS Publications}
}
@article{jacobi2004reactive,
  title={Reactive trace gases measured in the interstitial air of surface snow at Summit, Greenland},
  author={Jacobi, Hans-Werner and Bales, Roger C and Honrath, Richard E and Peterson, Matthew C and Dibb, Jack E and Swanson, Aaron L and Albert, Mary R},
  journal={Atmospheric Environment},
  volume={38},
  number={12},
  pages={1687--1697},
  year={2004},
  publisher={Elsevier}
}
@article{bartels2014review,
  title={A review of air--ice chemical and physical interactions (AICI): liquids, quasi-liquids, and solids in snow},
  author={Bartels-Rausch, Thorsten and Jacobi, H-W and Kahan, Tara F and Thomas, Jennie L and Thomson, Erik S and Abbatt, Jonathan PD and Ammann, Markus and Blackford, Jane R and Bluhm, Hendrik and Boxe, Chris and others},
  journal={Atmospheric chemistry and physics},
  volume={14},
  number={3},
  pages={1587--1633},
  year={2014},
  publisher={Copernicus GmbH}
}
@article{cabaleiro2002computational,
  title={Computational study of the dissociation of H--X acids (X= F, Cl, Br, I) in water clusters},
  author={Cabaleiro-Lago, Enrique M and Hermida-Ram{\'o}n, Jose M and Rodr{\i}́guez-Otero, Jes{\'u}s},
  journal={The Journal of chemical physics},
  volume={117},
  number={7},
  pages={3160--3168},
  year={2002},
  publisher={AIP}
}
@article{baer2014investigation,
  title={Investigation of interfacial and bulk dissociation of HBr, HCl, and HNO3 using density functional theory-based molecular dynamics simulations},
  author={Baer, Marcel D and Tobias, Douglas J and Mundy, Christopher J},
  journal={The Journal of Physical Chemistry C},
  volume={118},
  number={50},
  pages={29412--29420},
  year={2014},
  publisher={ACS Publications}
}
@article{arillo2007can,
  title={Can semi-empirical models describe HCl dissociation in water?},
  author={Arillo-Flores, OI and Ruiz-L{\'o}pez, MF and Bernal-Uruchurtu, MI},
  journal={Theoretical Chemistry Accounts},
  volume={118},
  number={2},
  pages={425--435},
  year={2007},
  publisher={Springer}
}
@article{odde2004dissociation,
  title={Dissociation chemistry of hydrogen halides in water},
  author={Odde, Srinivas and Mhin, Byung Jin and Lee, Sik and Lee, Han Myoung and Kim, Kwang S},
  journal={The Journal of chemical physics},
  volume={120},
  number={20},
  pages={9524--9535},
  year={2004},
  publisher={AIP}
}
@article{quinonero2005structure,
  title={Structure and binding energy of anion- $\pi$ and cation- $\pi$ complexes: a comparison of MP2, RI-MP2, DFT, and DF-DFT methods},
  author={Qui{\~n}onero, David and Garau, Carolina and Frontera, Antonio and Ballester, Pablo and Costa, Antoni and Dey{\`a}, Pere M},
  journal={The journal of physical chemistry A},
  volume={109},
  number={20},
  pages={4632--4637},
  year={2005},
  publisher={ACS Publications}
}
@article{wick2017comparison,
  title={A comparison of sodium and hydrogen halides at the air-water interface},
  author={Wick, Collin D},
  journal={The Journal of chemical physics},
  volume={147},
  number={16},
  pages={161703},
  year={2017},
  publisher={AIP Publishing}
}
@article{calatayud2003ionization,
  title={Ionization of HCl and HF in ice: a periodic DFT study},
  author={Calatayud, M{\`o}nica and Courmier, Delphine and Minot, Christian},
  journal={Chemical physics letters},
  volume={369},
  number={3-4},
  pages={287--292},
  year={2003},
  publisher={Elsevier}
}
@article{dau2012observation,
  title={Observation and investigation of the uranyl tetrafluoride dianion (UO 2 F 4 2-) and its solvation complexes with water and acetonitrile},
  author={Dau, Phuong Diem and Su, Jing and Liu, Hong-Tao and Liu, Jian-Biao and Huang, Dao-Ling and Li, Jun and Wang, Lai-Sheng},
  journal={Chemical Science},
  volume={3},
  number={4},
  pages={1137--1146},
  year={2012},
  publisher={Royal Society of Chemistry}
}
@article{gaiduk2018electron,
  title={Electron affinity of liquid water},
  author={Gaiduk, Alex P and Pham, Tuan Anh and Govoni, Marco and Paesani, Francesco and Galli, Giulia},
  journal={Nature communications},
  volume={9},
  number={1},
  pages={247},
  year={2018},
  publisher={Nature Publishing Group}
}
@article{aryasetiawan1998gw,
  title={The GW method},
  author={Aryasetiawan, F and Gunnarsson, O},
  year={1998}
}
@article{habartova2015molecular,
  title={Molecular simulations of halomethanes at the air/ice interface},
  author={Habartov{\'a}, Alena and Hormain, Laureline and Pluhařová, E and Briquez, St{\'e}phane and Monnerville, Maurice and Toubin, C{\'e}line and Roeselová, Martina},
  journal={The Journal of Physical Chemistry A},
  volume={119},
  number={39},
  pages={10052--10059},
  year={2015},
  publisher={ACS Publications}
}
@article{gomes2012quantum,
  title={Quantum-chemical embedding methods for treating local electronic excitations in complex chemical systems},
  author={Gomes, Andr{\'e} Severo Pereira and Jacob, Christoph R},
  journal={Annual Reports Section" C"(Physical Chemistry)},
  volume={108},
  pages={222--277},
  year={2012},
  publisher={Royal Society of Chemistry}
}
@article{bouchafra2018predictive,
  title={Predictive Simulations of Ionization Energies of Solvated Halide Ions with Relativistic Embedded Equation of Motion Coupled Cluster Theory},
  author={Bouchafra, Yassine and Shee, Avijit and R{\'e}al, Florent and Vallet, Val{\'e}rie and Gomes, Andr{\'e} Severo Pereira},
  journal={Physical review letters},
  volume={121},
  number={26},
  pages={266001},
  year={2018},
  publisher={APS}
}
@article{jacob2006comparison,
  title={Comparison of frozen-density embedding and discrete reaction field solvent models for molecular properties},
  author={Jacob, Christoph R and Neugebauer, Johannes and Jensen, Lasse and Visscher, Lucas},
  journal={Physical Chemistry Chemical Physics},
  volume={8},
  number={20},
  pages={2349--2359},
  year={2006},
  publisher={Royal Society of Chemistry}
}
@article{hofener2013solvatochromic,
  title={Solvatochromic shifts from coupled-cluster theory embedded in density functional theory},
  author={H{\"o}fener, Sebastian and Gomes, Andr{\'e} Severo Pereira and Visscher, Lucas},
  journal={The Journal of chemical physics},
  volume={139},
  number={10},
  pages={104106},
  year={2013},
  publisher={AIP}
}








=======
>>>>>>> 03efdc2fc31f44ec7fc7190761aeb12a60409c67




