@book{hollas2004modern,
  title={Modern spectroscopy},
  author={Hollas, J Michael},
  year={2004},
  publisher={John Wiley \& Sons}
}
@article{helgaker2004priori,
  title={A priori calculation of molecular properties to chemical accuracy},
  author={Helgaker, Trygve and Ruden, Torgeir A and J{\o}rgensen, Poul and Olsen, Jeppe and Klopper, Wim},
  journal={Journal of physical organic chemistry},
  volume={17},
  number={11},
  pages={913--933},
  year={2004},
  publisher={Wiley Online Library}
}
@incollection{yang2003density,
  title={Density-functional theory},
  author={Yang, Weitao and Ayers, Paul W},
  booktitle={Computational Medicinal Chemistry for Drug Discovery},
  pages={103--132},
  year={2003},
  publisher={CRC Press}
}
@book{jensen2017introduction,
  title={Introduction to computational chemistry},
  author={Jensen, Frank},
  year={2017},
  publisher={John wiley \& sons}
}
@article{hohenberg1964inhomogeneous,
  title={Inhomogeneous electron gas},
  author={Hohenberg, Pierre and Kohn, Walter},
  journal={Physical review},
  volume={136},
  number={3B},
  pages={B864},
  year={1964},
  publisher={APS}
}
@article{kohn1965quantum,
  title={Quantum density oscillations in an inhomogeneous electron gas},
  author={Kohn, W and Sham, LJ},
  journal={Physical Review},
  volume={137},
  number={6A},
  pages={A1697},
  year={1965},
  publisher={APS}
}
@article{kohn1965self,
  title={Self-consistent equations including exchange and correlation effects},
  author={Kohn, Walter and Sham, Lu Jeu},
  journal={Physical review},
  volume={140},
  number={4A},
  pages={A1133},
  year={1965},
  publisher={APS}
}
@article{cortona1991self,
  title={Self-consistently determined properties of solids without band-structure calculations},
  author={Cortona, Pietro},
  journal={Physical Review B},
  volume={44},
  number={16},
  pages={8454},
  year={1991},
  publisher={APS}
}
@article{wesolowski1997density,
  title={Density functional theory with approximate kinetic energy functionals applied to hydrogen bonds},
  author={Wesolowski, Tomasz Adam},
  journal={J. Chem. Phys},
  volume={106},
  number={20},
  year={1997}
}
@article{wesolowski1996kohn,
  title={Kohn-Sham equations with constrained electron density: an iterative evaluation of the ground-state electron density of interacting molecules},
  author={Wesolowski, Tomasz Adam and Weber, Jacques},
  journal={Chemical physics letters},
  volume={248},
  number={1-2},
  pages={71--76},
  year={1996}
}
@article{thole1980quantum,
  title={On the quantum mechanical treatment of solvent effects},
  author={Thole, Bernard Theodoor and van Duijnen, Petrus Theodorus},
  journal={Theoretica chimica acta},
  volume={55},
  number={4},
  pages={307--318},
  year={1980},
  publisher={Springer}
}
@article{field1990combined,
  title={A combined quantum mechanical and molecular mechanical potential for molecular dynamics simulations},
  author={Field, Martin J and Bash, Paul A and Karplus, Martin},
  journal={Journal of Computational Chemistry},
  volume={11},
  number={6},
  pages={700--733},
  year={1990},
  publisher={Wiley Online Library}
}
@article{gao1996hybrid,
  title={Hybrid QM/MM Simulations Yield the Ground and Excited State p K a Difference: Phenol in Aqueous Solution},
  author={Gao, Jiali and Li, Naiqi and Freindorf, Marek},
  journal={Journal of the American Chemical Society},
  volume={118},
  number={20},
  pages={4912--4913},
  year={1996},
  publisher={ACS Publications}
}
@article{jacob2006comparison,
  title={Comparison of frozen-density embedding and discrete reaction field solvent models for molecular properties},
  author={Jacob, Christoph R and Neugebauer, Johannes and Jensen, Lasse and Visscher, Lucas},
  journal={Physical Chemistry Chemical Physics},
  volume={8},
  number={20},
  pages={2349--2359},
  year={2006},
  publisher={Royal Society of Chemistry}
}
@article{wesolowski1993frozen,
  title={Frozen density functional approach for ab initio calculations of solvated molecules},
  author={Wesolowski, Tomasz Adam and Warshel, Arieh},
  journal={The Journal of Physical Chemistry},
  volume={97},
  number={30},
  pages={8050--8053},
  year={1993},
  publisher={ACS Publications}
}
@article{yang1991direct,
  title={Direct calculation of electron density in density-functional theory},
  author={Yang, Weitao},
  journal={Physical Review Letters},
  volume={66},
  number={11},
  pages={1438},
  year={1991},
  publisher={APS}
}
@article{hofener2012molecular,
  title={Molecular properties via a subsystem density functional theory formulation: A common framework for electronic embedding},
  author={H{\"o}fener, Sebastian and Severo Pereira Gomes, Andr{\'e} and Visscher, Lucas},
  journal={The Journal of chemical physics},
  volume={136},
  number={4},
  pages={044104},
  year={2012},
  publisher={AIP}
}
@article{hanrath2005exponential,
  title={An exponential multireference wave-function Ansatz},
  author={Hanrath, Michael},
  journal={The Journal of chemical physics},
  volume={123},
  number={8},
  pages={084102},
  year={2005},
  publisher={AIP}
}
@article{vcivzek1966correlation,
  title={On the correlation problem in atomic and molecular systems. Calculation of wavefunction components in Ursell-type expansion using quantum-field theoretical methods},
  author={{\v{C}}{\'\i}{\v{z}}ek, Ji{\v{r}}{\'\i}},
  journal={The Journal of Chemical Physics},
  volume={45},
  number={11},
  pages={4256--4266},
  year={1966},
  publisher={AIP}
}
@article{kongsted2003coupled,
  title={Coupled cluster/molecular mechanics method: Implementation and application to liquid water},
  author={Kongsted, Jacob and Osted, Anders and Mikkelsen, Kurt V and Christiansen, Ove},
  journal={The Journal of Physical Chemistry A},
  volume={107},
  number={14},
  pages={2578--2588},
  year={2003},
  publisher={ACS Publications}
}
@article{helgaker1989configuration,
  title={Configuration-interaction energy derivatives in a fully variational formulation},
  author={Helgaker, Trygve and J{\o}rgensen, Poul},
  journal={Theoretica chimica acta},
  volume={75},
  number={2},
  pages={111--127},
  year={1989},
  publisher={Springer}
}
@article{hofener2012molecular,
  title={Molecular properties via a subsystem density functional theory formulation: A common framework for electronic embedding},
  author={H{\"o}fener, Sebastian and Severo Pereira Gomes, Andr{\'e} and Visscher, Lucas},
  journal={The Journal of chemical physics},
  volume={136},
  number={4},
  pages={044104},
  year={2012},
  publisher={AIP}
}
@article{arponen1983j,
  title={J. Arponen, Ann. Phys.(NY) 151, 311 (1983).},
  author={Arponen, J},
  journal={Ann. Phys.(NY)},
  volume={151},
  pages={311},
  year={1983}
}
@article{koch1990p,
  title={P. J{\o}rgensen, T. Helgaker, GE Scuseria, and HF Schaefer III},
  author={Koch, H and Jensen, HJ Aa},
  journal={J. Chem. Phys},
  volume={92},
  pages={4924},
  year={1990}
}
@article{koch1990coupled,
  title={Coupled cluster response functions},
  author={Koch, Henrik and Jo/rgensen, Poul},
  journal={The Journal of Chemical Physics},
  volume={93},
  number={5},
  pages={3333--3344},
  year={1990},
  publisher={AIP}
}
@article{bartlett2007coupled,
  title={Coupled-cluster theory in quantum chemistry},
  author={Bartlett, Rodney J and Musia{\l}, Monika},
  journal={Reviews of Modern Physics},
  volume={79},
  number={1},
  pages={291},
  year={2007},
  publisher={APS}
}
@article{gomes2008calculation,
  title={Calculation of local excitations in large systems by embedding wave-function theory in density-functional theory},
  author={Gomes, Andre Severo Pereira and Jacob, Christoph R and Visscher, Lucas},
  journal={Physical Chemistry Chemical Physics},
  volume={10},
  number={35},
  pages={5353--5362},
  year={2008},
  publisher={Royal Society of Chemistry}
}
@article{hofener2013solvatochromic,
  title={Solvatochromic shifts from coupled-cluster theory embedded in density functional theory},
  author={H{\"o}fener, Sebastian and Gomes, Andr{\'e} Severo Pereira and Visscher, Lucas},
  journal={The Journal of chemical physics},
  volume={139},
  number={10},
  pages={104106},
  year={2013},
  publisher={AIP}
}
@article{gomes2012quantum,
  title={Quantum-chemical embedding methods for treating local electronic excitations in complex chemical systems},
  author={Gomes, Andr{\'e} Severo Pereira and Jacob, Christoph R},
  journal={Annual Reports Section" C"(Physical Chemistry)},
  volume={108},
  pages={222--277},
  year={2012},
  publisher={Royal Society of Chemistry}
}




















